<record><leader>00000cas a22000007a 4500</leader><controlfield tag="001">31773019</controlfield><controlfield tag="008">950106c198u9999mauwr ne      0    0eng d</controlfield><datafield ind1=" " ind2=" " tag="010"><subfield code="a">sn 95068711 </subfield></datafield><datafield ind1=" " ind2=" " tag="040"><subfield code="a">MGN</subfield><subfield code="b">eng</subfield><subfield code="c">MGN</subfield><subfield code="d">OCLCQ</subfield></datafield><datafield ind1=" " ind2=" " tag="042"><subfield code="a">msc</subfield></datafield><datafield ind1="0" ind2=" " tag="130"><subfield code="a">Country gazette (Franklin, Mass.)</subfield></datafield><datafield ind1="1" ind2="4" tag="245"><subfield code="a">The country gazette.</subfield></datafield><datafield ind1=" " ind2=" " tag="260"><subfield code="a">Franklin, MA :</subfield><subfield code="b">Norfolk Newspaper Co.</subfield></datafield><datafield ind1=" " ind2=" " tag="300"><subfield code="a">v.</subfield></datafield><datafield ind1=" " ind2=" " tag="310"><subfield code="a">Weekly</subfield></datafield><datafield ind1=" " ind2=" " tag="500"><subfield code="a">"Bellingham, Franklin, Medway, Millis, Norfolk, Wrentham."</subfield></datafield><datafield ind1=" " ind2=" " tag="588"><subfield code="a">Description based on: Vol. 11, no. 33 (Jan. 2, 1992).</subfield></datafield><datafield ind1=" " ind2=" " tag="752"><subfield code="a">United States</subfield><subfield code="b">Massachusetts</subfield><subfield code="c">Norfolk</subfield><subfield code="d">Franklin.</subfield></datafield></record>